@Book{fowler03:peaa,
  author = 	 {Martin Fowler},
  title = 	 "{Patterns of Enterprise Application Architecture}",
  publisher = 	 {Addison-Wesley},
  year = 	 2003}

@article{wadler:essence03,
 author = {J\'{e}r\^{o}me Sim\'{e}on and Philip Wadler},
 title = "{The Essence of XML}",
 journal = {SIGPLAN Not.},
 volume = {38},
 number = {1},
 year = {2003},
 issn = {0362-1340},
 pages = {1--13},
 doi = {http://doi.acm.org/10.1145/640128.604132},
 publisher = {ACM},
 address = {New York, NY, USA},
}

@article{gkt:natXml04,
 author = {George K. Thiruvathukal and Konstantin L\"{a}ufer},
 title = "{Natural XML for Data Binding, Processing, and Persistence}",
 journal = {Computing in Science and Engg.},
 volume = {6},
 number = {2},
 year = {2004},
 issn = {1521-9615},
 pages = {86--92},
 doi = {http://dx.doi.org/10.1109/MCISE.2004.1267615},
 publisher = {IEEE Educational Activities Department},
 address = {Piscataway, NJ, USA},
}

@Article{ort:JAXB03,
  author = 	 {Ed Ort and Bhakti Mehta},
  title = 	 "{Java Architecture for XML Binding}",
  year = 	 2003,
  month = 	 {March},
  URL = {http://java.sun.com/developer/technicalArticles/WebServices/jaxb/}
}

@article{pyxie,
	author= {Sean McGrath},
	title= "{Pyxie}",
	year={2000},
	month={March},
	journal={O'Reilly XML.com},
	URL={http://www.xml.com/pub/a/2000/03/15/feature/}
}

@TechReport{yaml,
  author = 	 {Oren Ben-Kiki and Clark Evans and Ingy d\"{o}t Net},
  title = 	 "{YAML Ain’t Markup Language (YAML) Version 1.1}",
  institution =  {yaml.org},
  year = 	 2005,
  URL={http://www.yaml.org/spec/1.1/}}


@Misc{jdom,
  title = "{JDOM}",
  URL={http://www.jdom.org/}}

@Misc{jaxbReflect,
  title = 	 "{JAXB 2.0 Annotation Parsing Library}",
  URL={https://jaxb2-reflection.dev.java.net/}
}

@Misc{relaxng,
  author = 	 {James Clark and Makoto Murata},
  title = 	 "{RELAX NG Specification}",
  institution =  {The Organization for the Advancement of Structured Information Standards},
  URL = {http://relaxng.org/spec-20011203.html},
  year = 	 2001}



@Misc{json,
  author = 	 {D. Crockford},
  title = 	 "{The Application/JSON Media Type for JavaScript Object Notation (JSON)}",
  institution =  {json.org},
  URL= {http://www.ietf.org/rfc/rfc4627.txt?number=4627},
  year = 	 2006}


@Book{gangOf4,
  author = 	 {Erich Gamma and Richard Helm and Ralph Johnson and John Vlissides},
  title = 	 "{Design Patters Elements of Reusable Object-Oriented Software}",
  publisher = 	 {Addison Wesley},
  year = 	 1995}

@Book{javaBeans,
  editor = 	 {Graham Hamilton},
  title = 	 "{JavaBeans}",
  publisher =  {Sun Microsystems},
  year = 	 1997,
  url = {http://java.sun.com/products/javabeans/docs/spec.html}}

@Misc{xmlSpec,
  title = 	 "{Extensible Markup Language (XML) 1.0 (Fourth Edition)}",
  year = 	 2006,
  editor = {Tim Bray and Jean Paoli and C. M. Sperberg-McQueen and Eve Maler and François Yergeau},
  url={http://www.w3.org/TR/2006/REC-xml-20060816/},
}

@Misc{microsoftxml,
  title = 	 "{XML Developer Center}",
  institution = "{Microsoft Corporation}",
  url = {http://msdn2.microsoft.com/en-us/xml/default.aspx}
}

@TechReport{sgml-esis,
  title = 	 "{ISO 8879}",
  institution =  "{International Organization for Standardization}",
  year = 	 {1986},
}

@Misc{xstream,
  title = "{XStream}",
  year = 2008,
  url = {http://xstream.codehaus.org/}
}

@Misc{inflector,
  title = "{Module: Inflector}",
  year = 2008,
  url = {http://api.rubyonrails.org/classes/Inflector.html}
}
