@Book{fowler03:peaa,
  author = 	 {Martin Fowler},
  title = 	 {Patterns of Enterprise Application Architecture},
  publisher = 	 {Addison-Wesley},
  year = 	 2003}

